{"leader":"04459cas a2200769 ar4500","fields":[{"001":"8261338"},
{"005":"20130124132030.0"},
{"008":"850730c19489999sw wr|p       0   b0swe  "},
{"022":{"ind1":"0","ind2":" ","subfields":[{"a":"0345-6048"},
{"2":"f"}]}},
{"035":{"ind1":" ","ind2":" ","subfields":[{"9":"03456048"}]}},
{"040":{"ind1":" ","ind2":" ","subfields":[{"a":"NB"},
  {"d":"NLT"}]}},
{"041":{"ind1":"1","ind2":" ","subfields":[{"a":"swe"},
  {"h":"eng"}]}},
{"042":{"ind1":" ","ind2":" ","subfields":[{"9":"NB"},
{"9":"NLT"}]}},
{"080":{"ind1":" ","ind2":" ","subfields":[{"a":"05"}]}},
{"084":{"ind1":" ","ind2":" ","subfields":[{"a":"Hci(p),u"},
{"2":"kssb/8"}]}},
{"222":{"ind1":" ","ind2":"0","subfields":[{"a":"Kalle Anka & C:o"}]}},
{"245":{"ind1":"1","ind2":"0","subfields":[{"a":"Kalle Anka & C:o"}]}},
{"246":{"ind1":"1","ind2":"0","subfields":[{"a":"Kalle Anka och company"}]}},
{"246":{"ind1":"1","ind2":"2","subfields":[{"a":"Nya Kalle Anka & C:o"},
  {"f":"1992:29-52/53"}]}},
{"246":{"ind1":"1","ind2":"3","subfields":[{"a":"Walt Disney's Kalle Anka & C:o"}]}},
{"260":{"ind1":" ","ind2":" ","subfields":[{"3":"Sammanfattad utgivningstid:"},
  {"a":"Malmö :"},
  {"b":"Richters förlag,"},
  {"c":"1948-"},
  {"e":"(Malmö :"},
  {"f":"Hemmets journals tr.)"}]}},
{"260":{"ind1":" ","ind2":" ","subfields":[{"a":"Malmö :"},
  {"b":"Richters förlag,"},
  {"c":"1948-1957"}]}},
{"260":{"ind1":"2","ind2":" ","subfields":[{"a":"Malmö :"},
  {"b":"Hemmets journal,"},
  {"c":"1957-1960, 1978-1992"}]}},
{"260":{"ind1":"2","ind2":" ","subfields":[{"a":"Malmö :"},
  {"b":"Kalle Anka och C:o,"},
  {"c":"1960-1978"}]}},
{"260":{"ind1":"2","ind2":" ","subfields":[{"a":"Malmö :"},
  {"b":"Serieförlaget/Hemmets journal,"},
  {"c":"1992"}]}},
{"260":{"ind1":"2","ind2":" ","subfields":[{"a":"Malmö :"},
  {"b":"Serieförlaget Svenska AB,"},
  {"c":"1992-1994"}]}},
{"260":{"ind1":"2","ind2":" ","subfields":[{"a":"Malmö :"},
  {"b":"Serieförlaget,"},
  {"c":"1994-1997"}]}},
{"260":{"ind1":"2","ind2":" ","subfields":[{"a":"Malmö :"},
  {"b":"Egmont Serieförlaget,"},
  {"c":"1997-2003"}]}},
{"260":{"ind1":"2","ind2":" ","subfields":[{"a":"Malmö :"},
  {"b":"Serieförlaget/Egmont Kärnan,"},
  {"c":"2003-2004"}]}},
{"260":{"ind1":"2","ind2":" ","subfields":[{"a":"Malmö :"},
  {"b":"Egmont Kärnan,"},
  {"c":"2004-2012"}]}},
{"260":{"ind1":"3","ind2":" ","subfields":[{"a":"Malmö :"},
  {"b":"Egmont Kids Media Nordic,"},
  {"c":"2013-"}]}},
{"300":{"ind1":" ","ind2":" ","subfields":[{"c":"26 cm"}]}},
{"310":{"ind1":" ","ind2":" ","subfields":[{"a":"1 nr/vecka"}]}},
{"321":{"ind1":" ","ind2":" ","subfields":[{"a":"1 nr/månad,"},
  {"b":"1948-1956"}]}},
{"321":{"ind1":" ","ind2":" ","subfields":[{"a":"Varannan vecka,"},
  {"b":"1957-1958"}]}},
{"362":{"ind1":"0","ind2":" ","subfields":[{"a":"Årg. 1(1948): nr 1-årg. 14(1961): nr 35 ; 1961: nr 36-"}]}},
{"500":{"ind1":" ","ind2":" ","subfields":[{"a":"1948-ca 1960 huvudsakligen en svensk version av  den amerikanska \"Walt Disney's Comics and stories\""}]}},
{"500":{"ind1":" ","ind2":" ","subfields":[{"a":"Bilagor med varierande utseende och innehåll, t.ex. samlarbilder, affischer, plastfigurer, klistermärken, extratidningar, extranummer, kalendrar, pussel, CD och DVD"}]}},
{"500":{"ind1":" ","ind2":" ","subfields":[{"a":"Faksimilutgåva av 1948: nr 1 medföljde 1998:38"}]}},
{"511":{"ind1":"0","ind2":" ","subfields":[{"a":"Översatt, redigerad och bearbetad av Axel Norbeck (1948-1957:15), P.A. Westrin (1957:16-1960:21). Förlagsred.: N.H. Nilsén, i redaktionen: P.A. Westrin (1960:22-1964:51). Förlagsred.: N.H. Nilsén, i redaktionen: P.A. Westrin och Solveig Svensson (1964:52-53). Redigerad och bearbetad av P.A. Westrin, i redaktionen Solveig Svensson (1965:1-40). Red.: Solveig Svensson, översättning och bearbetning: P.A. Westrin (1965:41-1975:48). Red.: Signe Wiberg, översättning och bearbetning: P.A. Westrin (1975:49-1981:15). Red.: Signe Wiberg (1981:16-17). Red.: Signe Wiberg, övers.: Ingrid Emond (1981:18-1985:49). Red.: Signe Wiberg, översättare: Stefan Diös (1985:50-1992:28). Red.: Kerstin Lomholt, översättare: Stefan Diös (1992:29-1994:23/24). Redaktion: Unn Printz-Påhlsson, Anna Ling Meijer, översättare: Stefan Diös (1994:25-1995). Redaktion: Unn Printz-Påhlsson, Annelis Dahlqvist, översättare: Stefan Diös (1996:1-42). Red.: Annelis Dahlqvist, översättare: Stefan Diös (1996:43-51/52). Red.: Tord Jönsson, översättare: Stefan Diös (1997:1-1999)"}]}},
{"511":{"ind1":"0","ind2":" ","subfields":[{"a":"Ansv. utg.: A. Gerlach Richter (1948-1955:6), K. Follin (1955:7-1968:35, 1968:40-1969:13). St.f. ansv. utg.: Alf Sjöberg  (1968:36-39, 1969:14-1970). Ansv. utg.: Solveig Svensson (1971-1975:48), Signe Wiberg (1975:49-1992:28), Kerstin Lomholt (1992:29-1994:23/24), Unn Printz-Påhlson (1994:25-1996), Tord Jönsson (1997-1999)"}]}},
{"588":{"ind1":" ","ind2":" ","subfields":[{"a":"1948-1999 bibliograferad för NLT. - Vid bibliografins slut 1999 utkom tidskriften med 1 nr/vecka"}]}},
{"655":{"ind1":" ","ind2":"7","subfields":[{"a":"Serietidningar"},
{"2":"sgp"}]}},
{"655":{"ind1":" ","ind2":"7","subfields":[{"a":"Barntidningar"},
{"2":"sgp"}]}},
{"700":{"ind1":"1","ind2":" ","subfields":[{"a":"Dahlqvist, Annelis,"},
  {"d":"1960-"},
{"4":"pbd"}]}},
{"700":{"ind1":"1","ind2":" ","subfields":[{"a":"Diös, Stefan,"},
  {"d":"1960-"},
{"4":"trl"}]}},
{"700":{"ind1":"1","ind2":" ","subfields":[{"a":"Emond, Ingrid,"},
  {"d":"1925-"},
{"4":"pbd"},
{"4":"trl"}]}},
{"700":{"ind1":"1","ind2":" ","subfields":[{"a":"Follin, K."},
{"4":"rpy"}]}},
{"700":{"ind1":"1","ind2":" ","subfields":[{"a":"Jönsson, Tord"},
{"4":"pbd"},
{"4":"rpy"}]}},
{"700":{"ind1":"1","ind2":" ","subfields":[{"a":"Ling-Meijer, Anna,"},
  {"d":"1964-"},
{"4":"pbd"}]}},
{"700":{"ind1":"1","ind2":" ","subfields":[{"a":"Lomholt, Kerstin"},
{"4":"pbd"},
{"4":"rpy"}]}},
{"700":{"ind1":"1","ind2":" ","subfields":[{"a":"Nilsén, N. H."},
{"4":"pbd"}]}},
{"700":{"ind1":"1","ind2":" ","subfields":[{"a":"Norbeck, Axel"},
{"4":"pbd"},
{"4":"trl"}]}},
{"700":{"ind1":"1","ind2":" ","subfields":[{"a":"Printz-Påhlson, Unn,"},
  {"d":"1955-"},
{"4":"pbd"},
{"4":"rpy"}]}},
{"700":{"ind1":"1","ind2":" ","subfields":[{"a":"Richter, A. Gerlach"},
{"4":"rpy"}]}},
{"700":{"ind1":"1","ind2":" ","subfields":[{"a":"Sjöberg, Alf"},
{"4":"rpy"}]}},
{"700":{"ind1":"1","ind2":" ","subfields":[{"a":"Svensson, Solveig,"},
  {"d":"1925-"},
{"4":"pbd"},
{"4":"rpy"}]}},
{"700":{"ind1":"1","ind2":" ","subfields":[{"a":"Westrin, Per Anders,"},
  {"d":"1924-"},
{"4":"pbd"},
{"4":"trl"}]}},
{"700":{"ind1":"1","ind2":" ","subfields":[{"a":"Wiberg, Signe"},
{"4":"pbd"},
{"4":"rpy"}]}},
{"710":{"ind1":"2","ind2":" ","subfields":[{"a":"Walt Disney Company"},
{"4":"oth"}]}},
{"740":{"ind1":"0","ind2":" ","subfields":[{"a":"Kalle Anka och C:o"}]}},
{"740":{"ind1":"0","ind2":" ","subfields":[{"a":"Walt Disney's Kalle Anka och C:o"}]}},
{"740":{"ind1":"0","ind2":" ","subfields":[{"a":"Kalle Anka & co"}]}},
{"740":{"ind1":"0","ind2":" ","subfields":[{"a":"Kalle Anka och co"}]}},
{"740":{"ind1":"0","ind2":" ","subfields":[{"a":"Kalle Anka"}]}},
{"785":{"ind1":"0","ind2":"1","subfields":[{"t":"Walt Disney's serier (Malmö. 1954)"},
  {"w":"10132590"}]}},
{"976":{"ind1":" ","ind2":"2","subfields":[{"a":"Hci(p)"},
  {"b":"Skönlitteratur"}]}}]}
